@article{COWEN1,
  title={Spectra of Some Weighted Composition Operators on {$H^2$}},
  author={Cowen, Carl and Ko, Eungil and Thompson, Derek and Tian, Feng},
  journal={arXiv preprint arXiv:1405.5173},
  year={2014}
}

@book{COWEN2,
  title={Composition operators on spaces of analytic functions},
  author={Cowen Jr, Carl C and MacCluer, Barbara I},
  volume={20},
  year={1995},
  publisher={CRC press}
}

@article{kaschner,
  title={Examples of Rational Maps of $\mathbb{P}^2$ with Equal Dynamical Degrees and No Invariant Foliation},
  author={Kaschner, Scott R and P{\'e}rez, Rodrigo A and Roeder, Roland KW},
  journal={Bulletin de la SMF},
  volume={144},
  number={2},
  pages={279--297},
  notes={arXiv preprint arXiv:1309.4364},
  year={2016},
}

@article {Jonsson-finite,
    AUTHOR = {Jonsson, Mattias},
     TITLE = {Some properties of {$2$}-critically finite holomorphic maps of
              {$\mathbf{P}^2$}},
   JOURNAL = {Ergodic Theory Dynam. Systems},
  FJOURNAL = {Ergodic Theory and Dynamical Systems},
    VOLUME = {18},
      YEAR = {1998},
    NUMBER = {1},
     PAGES = {171--187},
      ISSN = {0143-3857},
   MRCLASS = {32H50},
  MRNUMBER = {1609475},
MRREVIEWER = {Dan Coman},
       DOI = {10.1017/S0143385798097521},
       URL = {http://dx.doi.org/10.1017/S0143385798097521},
}

@article{Rong,
  title={Lattes maps on $\mathbb{P}^2$},
  author={Rong, Feng},
  journal={Journal de math{\'e}matiques pures et appliqu{\'e}es},
  volume={93},
  number={6},
  pages={636--650},
  year={2010},
  publisher={Elsevier}
}

@article{BertelootLoeb,
  title={Une caract{\'e}risation g{\'e}om{\'e}trique des exemples de Latt{\`e}s de {${\bf P}^k$}},
  author={Berteloot, Fran{\c{c}}ois and Loeb, Jean-Jacques},
  journal={Bulletin de la Soci{\'e}t{\'e} math{\'e}matique de France},
  volume={129},
  number={2},
  pages={175--188},
  year={2001}
}

@incollection {fornaesssibony,
    AUTHOR = {Forn{\ae}ss, John Erik and Sibony, Nessim},
     TITLE = {Dynamics of {${\bf P}^2$} (examples)},
 BOOKTITLE = {Laminations and foliations in dynamics, geometry and topology
              ({S}tony {B}rook, {NY}, 1998)},
    SERIES = {Contemp. Math.},
    VOLUME = {269},
     PAGES = {47--85},
 PUBLISHER = {Amer. Math. Soc., Providence, RI},
      YEAR = {2001},
   MRCLASS = {32H50 (37F35 37F50)},
  MRNUMBER = {1810536},
MRREVIEWER = {Serge Cantat},
       DOI = {10.1090/conm/269/04329},
       URL = {http://dx.doi.org/10.1090/conm/269/04329},
}

@article {ueda,
    AUTHOR = {Ueda, Tetsuo},
     TITLE = {Critical orbits of holomorphic maps on projective spaces},
   JOURNAL = {J. Geom. Anal.},
  FJOURNAL = {The Journal of Geometric Analysis},
    VOLUME = {8},
      YEAR = {1998},
    NUMBER = {2},
     PAGES = {319--334},
      ISSN = {1050-6926},
   MRCLASS = {32H50 (37F10 37F50)},
  MRNUMBER = {1705160},
MRREVIEWER = {Mattias Jonsson},
       DOI = {10.1007/BF02921645},
       URL = {http://dx.doi.org/10.1007/BF02921645},
}

@article{DWY,
  title={Bifurcation measures and quadratic rational maps},
  author={De Marco, Laura and Wang, Xiaoguang and Ye, Hexi},
  journal={Proceedings of the London Mathematical Society},
  volume={111},
  number={1},
  pages={149--180},
  year={2015},
  publisher={Oxford University Press}
}

@article {DMP,
    AUTHOR = {DeMarco, Laura and Pilgrim, Kevin},
     TITLE = {Critical heights on the moduli space of polynomials},
   JOURNAL = {Adv. Math.},
  FJOURNAL = {Advances in Mathematics},
    VOLUME = {226},
      YEAR = {2011},
    NUMBER = {1},
     PAGES = {350--372},
      ISSN = {0001-8708},
     CODEN = {ADMTA4},
   MRCLASS = {37F45 (37F20)},
  MRNUMBER = {2735763},
MRREVIEWER = {Romain Dujardin},
       DOI = {10.1016/j.aim.2010.06.020},
       URL = {http://dx.doi.org/10.1016/j.aim.2010.06.020},
}

@article {Przytycki3,
    AUTHOR = {Przytycki, Feliks},
     TITLE = {Lyapunov characteristic exponents are nonnegative},
   JOURNAL = {Proc. Amer. Math. Soc.},
  FJOURNAL = {Proceedings of the American Mathematical Society},
    VOLUME = {119},
      YEAR = {1993},
    NUMBER = {1},
     PAGES = {309--317},
      ISSN = {0002-9939},
     CODEN = {PAMYAR},
   MRCLASS = {58F23 (30D05)},
  MRNUMBER = {1186141 (93k:58193)},
MRREVIEWER = {Fuyao Ren},
       DOI = {10.2307/2159858},
       URL = {http://dx.doi.org/10.2307/2159858},
}

@article {DDS,
    AUTHOR = {Dinh, Tien Cuong and Dujardin, Romain and Sibony, Nessim},
     TITLE = {On the dynamics near infinity of some polynomial mappings in
              {$\mathbb{C}^2$}},
   JOURNAL = {Math. Ann.},
  FJOURNAL = {Mathematische Annalen},
    VOLUME = {333},
      YEAR = {2005},
    NUMBER = {4},
     PAGES = {703--739},
      ISSN = {0025-5831},
     CODEN = {MAANA},
   MRCLASS = {37F10 (32H50 32U40)},
  MRNUMBER = {2195140 (2006k:37118)},
MRREVIEWER = {Eric Bedford},
       DOI = {10.1007/s00208-005-0661-3},
       URL = {http://dx.doi.org/10.1007/s00208-005-0661-3},
}
@book {wagschal,
    AUTHOR = {Wagschal, Claude},
     TITLE = {D\'erivation, int\'egration},
    SERIES = {Collection M\'ethodes},
 PUBLISHER = {Hermann},
   ADDRESS = {Paris},
      YEAR = {1999},
     PAGES = {viii+472},
      ISBN = {2-7056-6376-2},
   MRCLASS = {28-01 (00A05 26-01)},
  MRNUMBER = {1682338 (2000f:28001)},
MRREVIEWER = {Michel Valadier},
}

@book {BrannerFagella,
    AUTHOR = {Branner, Bodil and Fagella, Nuria},
     TITLE = {Quasiconformal Surgery in Holomorphic Dynamics},
    SERIES = {Cambridge Studies in Advanced Mathematics},
    VOLUME = {141},
 PUBLISHER = {Cambridge University Press},
   ADDRESS = {Cambridge},
      YEAR = {2014},
      ISBN = {978-1-107-04291-9},
}

@article {david,
    AUTHOR = {David, Guy},
     TITLE = {Solutions de l'\'equation de {B}eltrami avec {$\Vert \mu\Vert
              _\infty=1$}},
   JOURNAL = {Ann. Acad. Sci. Fenn. Ser. A I Math.},
  FJOURNAL = {Annales Academiae Scientiarum Fennicae. Series A I.
              Mathematica},
    VOLUME = {13},
      YEAR = {1988},
    NUMBER = {1},
     PAGES = {25--70},
      ISSN = {0066-1953},
     CODEN = {AAFMAT},
   MRCLASS = {30C60 (35J99)},
  MRNUMBER = {975566 (90d:30058)},
MRREVIEWER = {S. K. Vodop{\cprime}yanov},
       DOI = {10.5186/aasfm.1988.1303},
       URL = {http://dx.doi.org/10.5186/aasfm.1988.1303},
}

@article {kiwicubic,
    AUTHOR = {Kiwi, Jan},
     TITLE = {Puiseux series polynomial dynamics and iteration of complex
              cubic polynomials},
   JOURNAL = {Ann. Inst. Fourier (Grenoble)},
  FJOURNAL = {Universit\'e de Grenoble. Annales de l'Institut Fourier},
    VOLUME = {56},
      YEAR = {2006},
    NUMBER = {5},
     PAGES = {1337--1404},
      ISSN = {0373-0956},
     CODEN = {AIFUA7},
   MRCLASS = {37F45 (12J25 37F10)},
  MRNUMBER = {2273859 (2007h:37066)},
MRREVIEWER = {Joseph H. Silverman},
       URL = {http://aif.cedram.org/item?id=AIF_2006__56_5_1337_0},
}


@misc{favregauthier,
	Author = {Favre, Charles and Gauthier, Thomas},
	Note = {preprint arXiv:1302.0810},
	Title = {Distribution of postcritically finite polynomials},
	Year = {2013}}
	
@misc{okuyama:speed,
	Author = {Okuyama, Y\^uzuke},
	Note = {preprint arXiv:1309.2472},
	Title = {Quantitative approximations of the Lyapunov exponent of a rational function over valued fields},
	Year = {2013}}

@misc{multipliers,
	Author = {Buff, Xavier and Gauthier, Thomas},
	Note = {preprint},
	Title = {Quadratic polynomials, multipliers and equidistribution},
	Year = {2013}}
	
@article {lyubich,
    AUTHOR = {Lyubich, M. Yu.},
     TITLE = {Some typical properties of the dynamics of rational mappings},
   JOURNAL = {Uspekhi Mat. Nauk},
  FJOURNAL = {Akademiya Nauk SSSR i Moskovskoe Matematicheskoe Obshchestvo.
              Uspekhi Matematicheskikh Nauk},
    VOLUME = {38},
      YEAR = {1983},
    NUMBER = {5(233)},
     PAGES = {197--198},
      ISSN = {0042-1316},
   MRCLASS = {58F10 (30D05)},
  MRNUMBER = {718838 (85f:58063)},
MRREVIEWER = {I. N. Baker},
}

@incollection {ACL2,
    AUTHOR = {Chambert-Loir, Antoine},
     TITLE = {Heights and measures on analytic spaces. {A} survey of recent
              results, and some remarks},
 BOOKTITLE = {Motivic integration and its interactions with model theory and
              non-{A}rchimedean geometry. {V}olume {II}},
    SERIES = {London Math. Soc. Lecture Note Ser.},
    VOLUME = {384},
     PAGES = {1--50},
 PUBLISHER = {Cambridge Univ. Press},
   ADDRESS = {Cambridge},
      YEAR = {2011},
   MRCLASS = {14G22},
  MRNUMBER = {2885340},
}

@article{baker-hsia,
	Author = {M. Baker and L. H. H'sia},
	Date-Added = {2012-12-20 21:15:04 +0000},
	Date-Modified = {2012-12-20 21:16:14 +0000},
	Journal = {J. Reine Angew. Math},
	Number = {585},
	Pages = {61--92},
	Title = {Canonical Heights, Transfinite Diameters, and Polynomial Dynamics.},
	Year = {2005}}

@article{FRL,
	Author = {C. Favre and J. Rivera-Letelier},
	Date-Added = {2012-12-20 21:10:01 +0000},
	Date-Modified = {2012-12-20 21:11:00 +0000},
	Journal = {Math. Ann.},
	Number = {2},
	Pages = {311--361},
	Title = {Equidistribution quantitative des points de petite hauteur sur la droite projective.},
	Volume = {335},
	Year = {2006}}

@article{Levin1,
	Author = {Levin, Genadi},
	Date-Added = {2012-12-20 21:07:57 +0000},
	Date-Modified = {2012-12-20 21:09:31 +0000},
	Journal = {J. Soviet Math.},
	Number = {6},
	Pages = {3512--3522},
	Title = {On the theory of iterations of polynomial families in the complex plane.},
	Volume = {52},
	Year = {1990}}

@article{ducros,
	Author = {Ducros, Antoine},
	Fjournal = {Gazette des Math\'ematiciens},
	Issn = {0224-8999},
	Journal = {Gaz. Math.},
	Mrclass = {14G22 (11S85)},
	Mrnumber = {2289676 (2008b:14035)},
	Mrreviewer = {Jean-Philippe Rolin},
	Number = {111},
	Pages = {12--27},
	Title = {G\'eom\'etries analytique {$p$}-adique: la th\'eorie de {B}erkovich},
	Year = {2007}}

@article{shigeki,
	Author = {Matsuda, Shigeki},
	Fjournal = {S\=urikaisekikenky\=usho K\=oky\=uroku},
	Journal = {S\=urikaisekikenky\=usho K\=oky\=uroku},
	Mrclass = {14G22 (32P05)},
	Mrnumber = {1713687 (2000k:14020)},
	Mrreviewer = {Nobuo Tsuzuki},
	Note = {Rigid geometry and group actions (Japanese) (Kyoto, 1998)},
	Number = {1073},
	Pages = {49--66},
	Title = {An introduction to {B}erkovich spaces},
	Year = {1998}}

@misc{YuanZang,
	Author = {Yuan, Xinyi and Zhang, Shou-Wu},
	Date-Modified = {2012-12-20 21:12:11 +0000},
	Note = {preprint},
	Title = {Calabi-Yau theorem and algebraic dynamics},
	Year = {2010}}

@misc{Fisher,
	Author = {Fisher, Yuval},
	Note = {{P}h{D} {T}hesis, {C}ornell {U}niversity},
	Title = {The Classification of Critically Preperiodic Polynomials},
	Year = {1989}}

@article{ACL,
	Author = {Chambert-Loir, Antoine},
	Date-Modified = {2012-12-20 21:11:48 +0000},
	Doi = {10.1515/CRELLE.2006.049},
	Fjournal = {Journal f\"ur die reine und angewandte Mathematik},
	Issn = {0075-4102},
	Journal = {J. Reine Angew. Math.},
	Pages = {215--235},
	Title = {Mesures et \'equidistribution sur les espaces de {B}erkovich},
	Volume = {595},
	Year = {2006},
	Bdsk-Url-1 = {http://dx.doi.org/10.1515/CRELLE.2006.049}}

@misc{Poirier,
	Author = {Poirier, Alfredo},
	Note = {preprint of the IMS -- ims93-7},
	Title = {On Postcritically Finite Polynomials, Part 2: Hubbard Trees.},
	Year = {1993}}

@book {silvermanmoduli,
    AUTHOR = {Silverman, Joseph H.},
     TITLE = {Moduli spaces and arithmetic dynamics},
    SERIES = {CRM Monograph Series},
    VOLUME = {30},
 PUBLISHER = {American Mathematical Society, Providence, RI},
      YEAR = {2012},
     PAGES = {viii+140},
      ISBN = {978-0-8218-7582-7},
   MRCLASS = {37P45 (14D10 37F45 37P05 37P15 37P30 37P35)},
  MRNUMBER = {2884382},
MRREVIEWER = {Rafe Jones},
}

@article {zdunik,
    AUTHOR = {Zdunik, Anna},
     TITLE = {Parabolic orbifolds and the dimension of the maximal measure
              for rational maps},
   JOURNAL = {Invent. Math.},
  FJOURNAL = {Inventiones Mathematicae},
    VOLUME = {99},
      YEAR = {1990},
    NUMBER = {3},
     PAGES = {627--649},
      ISSN = {0020-9910},
     CODEN = {INVMBH},
   MRCLASS = {58F11},
  MRNUMBER = {1032883 (90m:58120)},
MRREVIEWER = {Artur Oscar Lopes},
       DOI = {10.1007/BF01234434},
       URL = {http://dx.doi.org/10.1007/BF01234434},
}

@article {maakestad,
    AUTHOR = {Maakestad, Helge},
     TITLE = {Resultants and symmetric products},
   JOURNAL = {Comm. Algebra},
  FJOURNAL = {Communications in Algebra},
    VOLUME = {33},
      YEAR = {2005},
    NUMBER = {11},
     PAGES = {4105--4114},
      ISSN = {0092-7872},
     CODEN = {COALDM},
   MRCLASS = {14N05 (13P99 14A15)},
  MRNUMBER = {2183984 (2006h:14061)},
MRREVIEWER = {Matthias Meulien},
       DOI = {10.1080/00927870500261413},
       URL = {http://dx.doi.org/10.1080/00927870500261413},
}

@article {GTZ,
    AUTHOR = {Ghioca, Dragos and Tucker, Thomas J. and Zhang, Shouwu},
     TITLE = {Towards a dynamical {M}anin-{M}umford conjecture},
   JOURNAL = {Int. Math. Res. Not. IMRN},
  FJOURNAL = {International Mathematics Research Notices. IMRN},
      YEAR = {2011},
    NUMBER = {22},
     PAGES = {5109--5122},
      ISSN = {1073-7928},
   MRCLASS = {37P15 (11G10 37P55)},
  MRNUMBER = {2854724 (2012i:37142)},
MRREVIEWER = {Joseph H. Silverman},
       DOI = {10.1093/imrn/rnq283},
       URL = {http://dx.doi.org/10.1093/imrn/rnq283},
}

@article {bertelootdupont,
    AUTHOR = {Berteloot, Fran\c{c}ois and Dupont, Christophe},
     TITLE = {Une caract\'erisation des endomorphismes de {L}att\`es par
              leur mesure de {G}reen},
   JOURNAL = {Comment. Math. Helv.},
  FJOURNAL = {Commentarii Mathematici Helvetici. A Journal of the Swiss
              Mathematical Society},
    VOLUME = {80},
      YEAR = {2005},
    NUMBER = {2},
     PAGES = {433--454},
      ISSN = {0010-2571},
   MRCLASS = {32H50 (32U40 37A05 37C45 37F10)},
  MRNUMBER = {2142250 (2006a:32020)},
MRREVIEWER = {Laura G. DeMarco},
       DOI = {10.4171/CMH/21},
       URL = {http://dx.doi.org/10.4171/CMH/21},
}

@article {levyPn,
    AUTHOR = {Levy, Alon},
     TITLE = {The space of morphisms on projective space},
   JOURNAL = {Acta Arith.},
  FJOURNAL = {Acta Arithmetica},
    VOLUME = {146},
      YEAR = {2011},
    NUMBER = {1},
     PAGES = {13--31},
      ISSN = {0065-1036},
     CODEN = {AARIA9},
   MRCLASS = {37P45 (14E08 14L24)},
  MRNUMBER = {2741188 (2012d:37211)},
MRREVIEWER = {Laura G. DeMarco},
       DOI = {10.4064/aa146-1-2},
       URL = {http://dx.doi.org/10.4064/aa146-1-2},
}

@misc{Levy,
	Author = {Levy, Alon},
	Note = {preprint arXiv : math.AG/1201.1969},
	Title = {An Algebraic Proof of Thurston's Rigidity for a Polynomial},
	Year = {2012}}

@misc{BD,
	Author = {Baker, Matthew and Demarco, Laura},
	Note = {	preprint arXiv : math.DS/1211.0255},
	Title = {Special curves and postcritically-finite polynomials},
	Year = {2012}}
	

@article{BBD,
	Author = {Berteloot, Fran\c{c}ois and Bianchi, Fabrizio and Dupont, Christophe},
	Journal = {Annales Scientifiques de l'ENS},
	Year = {to appear},
	Note = {preprint arXiv : math.DS/1403.7603},
	Title = {Dynamical stability and Lyapunov exponents for holomorphic endomorphisms of $\mathbb{CP}(k)$}
}

@article{BFH,
	Author = {Bielefeld, Ben and Fisher, Yuval and Hubbard, John},
	Date-Added = {2012-12-03 11:11:50 +0000},
	Date-Modified = {2012-12-03 11:11:50 +0000},
	Doi = {10.2307/2152709},
	Fjournal = {Journal of the American Mathematical Society},
	Issn = {0894-0347},
	Journal = {J. Amer. Math. Soc.},
	Mrclass = {58F23 (30D05)},
	Mrnumber = {1149891 (93h:58128)},
	Mrreviewer = {Feliks Przytycki},
	Number = {4},
	Pages = {721--762},
	Title = {The classification of critically preperiodic polynomials as dynamical systems},
	Url = {http://dx.doi.org/10.2307/2152709},
	Volume = {5},
	Year = {1992},
	Bdsk-Url-1 = {http://dx.doi.org/10.2307/2152709}}

@article{kiwi-portrait,
	Author = {Kiwi, Jan},
	Coden = {PLMTAL},
	Date-Added = {2012-12-03 11:10:27 +0000},
	Date-Modified = {2012-12-03 11:10:27 +0000},
	Doi = {10.1112/S0024611505015248},
	Fjournal = {Proceedings of the London Mathematical Society. Third Series},
	Issn = {0024-6115},
	Journal = {Proc. London Math. Soc. (3)},
	Mrclass = {37F20 (37B45 37F10 37F45 37F50)},
	Mrnumber = {2149856 (2006e:37078)},
	Mrreviewer = {Kevin M. Pilgrim},
	Number = {1},
	Pages = {215--248},
	Title = {Combinatorial continuity in complex polynomial dynamics},
	Url = {http://dx.doi.org/10.1112/S0024611505015248},
	Volume = {91},
	Year = {2005},
	Bdsk-Url-1 = {http://dx.doi.org/10.1112/S0024611505015248}}

@article{yuan,
	Author = {Yuan, Xinyi},
	Coden = {INVMBH},
	Doi = {10.1007/s00222-008-0127-9},
	Fjournal = {Inventiones Mathematicae},
	Issn = {0020-9910},
	Journal = {Invent. Math.},
	Mrclass = {14G40 (11G50 14C20)},
	Mrnumber = {2425137 (2010b:14049)},
	Mrreviewer = {Antoine Chambert-Loir},
	Number = {3},
	Pages = {603--649},
	Title = {Big line bundles over arithmetic varieties},
	Url = {http://dx.doi.org/10.1007/s00222-008-0127-9},
	Volume = {173},
	Year = {2008},
	Bdsk-Url-1 = {http://dx.doi.org/10.1007/s00222-008-0127-9}}

@article{xing,
	Author = {Xing, Yang},
	Doi = {10.1307/mmj/1231770360},
	Fjournal = {Michigan Mathematical Journal},
	Issn = {0026-2285},
	Journal = {Michigan Math. J.},
	Mrclass = {32U15 (32U40)},
	Mrnumber = {2490646 (2010a:32060)},
	Mrreviewer = {S{\l}awomir Dinew},
	Number = {3},
	Pages = {563--581},
	Title = {A strong comparison principle for plurisubharmonic functions with finite pluricomplex energy},
	Url = {http://dx.doi.org/10.1307/mmj/1231770360},
	Volume = {56},
	Year = {2008},
	Bdsk-Url-1 = {http://dx.doi.org/10.1307/mmj/1231770360}}

@misc{pham,
	Author = {Pham, Ngoc-mai},
	Note = {	preprint arXiv : math.DS/0512557v1},
	Title = {Lyapunov exponents and bifurcation current for polynomial-like maps},
	Year = {2005}}

@book{Silvermandiophantine,
	Address = {New York},
	Author = {Hindry, Marc and Silverman, Joseph H.},
	Doi = {10.1007/978-1-4612-1210-2},
	Isbn = {0-387-98975-7; 0-387-98981-1},
	Mrclass = {11Gxx (11-02 11G10 11G30 11G50 14G25)},
	Mrnumber = {1745599 (2001e:11058)},
	Mrreviewer = {Dino J. Lorenzini},
	Note = {An introduction},
	Pages = {xiv+558},
	Publisher = {Springer-Verlag},
	Series = {Graduate Texts in Mathematics},
	Title = {Diophantine geometry},
	Url = {http://dx.doi.org/10.1007/978-1-4612-1210-2},
	Volume = {201},
	Year = {2000},
	Bdsk-Url-1 = {http://dx.doi.org/10.1007/978-1-4612-1210-2}}

@article{Ingram,
	Author = {Ingram, Patrick},
	Fjournal = {International Mathematics Research Notices. IMRN},
	Issn = {1073-7928},
	Journal = {Int. Math. Res. Not. IMRN},
	Mrclass = {37P05 (37P30)},
	Mrnumber = {2885981},
	Mrreviewer = {Peter Ha{\"{\i}}ssinsky},
	Number = {3},
	Pages = {524--543},
	Title = {A finiteness result for post-critically finite polynomials},
	Year = {2012}}

@article{Rivera,
	Author = {Rivera-Letelier, Juan},
	Doi = {10.4064/fm170-3-6},
	Fjournal = {Fundamenta Mathematicae},
	Issn = {0016-2736},
	Journal = {Fund. Math.},
	Mrclass = {37F50 (37F35 37F45)},
	Mrnumber = {1880905 (2002j:37062)},
	Mrreviewer = {Peter Ha{\"{\i}}ssinsky},
	Number = {3},
	Pages = {287--317},
	Title = {On the continuity of {H}ausdorff dimension of {J}ulia sets and similarity between the {M}andelbrot set and {J}ulia sets},
	Url = {http://dx.doi.org/10.4064/fm170-3-6},
	Volume = {170},
	Year = {2001},
	Bdsk-Url-1 = {http://dx.doi.org/10.4064/fm170-3-6}}

@article{petersen,
	Author = {Petersen, Carsten Lunde},
	Doi = {10.1017/S0143385799120996},
	Fjournal = {Ergodic Theory and Dynamical Systems},
	Issn = {0143-3857},
	Journal = {Ergodic Theory Dynam. Systems},
	Mrclass = {37F30 (30D05 30F40)},
	Mrnumber = {1676926 (2001j:37080)},
	Number = {1},
	Pages = {127--141},
	Title = {No elliptic limits for quadratic maps},
	Url = {http://dx.doi.org/10.1017/S0143385799120996},
	Volume = {19},
	Year = {1999},
	Bdsk-Url-1 = {http://dx.doi.org/10.1017/S0143385799120996}}

@article{Article1,
	Author = {Gauthier, Thomas},
	Fjournal = {Annales Scientifiques de l'\'Ecole Normale Sup\'erieure. Quatri\`eme S\'erie},
	Journal = {Ann. Sci. \'Ec. Norm. Sup\'er. (4)},
	Number = {6},
	Pages = {947--984},
	Title = {Strong bifurcation loci of full {H}ausdorff dimension},
	Volume = {45},
	Year = {2012}}

@misc{Mod2,
	Author = {Berteloot, Fran\c{c}ois and Gauthier, Thomas},
	Note = {preprint},
	Title = {On the geometry of bifurcation currents for quadratic rational maps},
	Year = {2012}}

@incollection {bsurvey,
    AUTHOR = {Berteloot, Fran{\c{c}}ois},
     TITLE = {Bifurcation currents in holomorphic families of rational maps},
     BOOKTITLE = {Pluripotential Theory},
    SERIES = {Lecture Notes in Math.},
    SUBSERIES = {C.I.M.E. Foundation Subseries},
    VOLUME = {2075},
 PUBLISHER = {Springer-Verlag},
   ADDRESS = {Berlin},
      YEAR = {2013},
     PAGES = {1--93},
     ISBN = {978-3-642-36420-4},
}

@misc{dsurvey,
    Author = {Dujardin, Romain},
     Title = {Bifurcation currents and equidistribution on parameter space},
     Note = {To appear in \textit{Frontiers in Complex Dynamics: In Celebration of John Milnor's 80th Birthday} Edited by Araceli Bonifant, Misha Lyubich, $\&$ Scott Sutherland, Princeton Mathematical Series}}


@article{Aspenberg1,
	Author = {Aspenberg, Magnus},
	Coden = {CMPHAY},
	Doi = {10.1007/s00220-009-0813-5},
	Fjournal = {Communications in Mathematical Physics},
	Issn = {0010-3616},
	Journal = {Comm. Math. Phys.},
	Mrclass = {37F10 (37B99)},
	Mrnumber = {2534788},
	Mrreviewer = {Peter Raith},
	Number = {3},
	Pages = {645--658},
	Title = {Rational {M}isiurewicz maps are rare},
	Url = {http://dx.doi.org/10.1007/s00220-009-0813-5},
	Volume = {291},
	Year = {2009},
	Bdsk-Url-1 = {http://dx.doi.org/10.1007/s00220-009-0813-5}}

@misc{Aspenberg2,
	Author = {Aspenberg, Magnus},
	Note = {preprint math.DS/0804.1106},
	Title = {Perturbations of rational Misiurewicz maps},
	Year = {2008}}

@article{Aspenberg3,
	Author = {Aspenberg, Magnus and Graczyk, Jacek},
	Doi = {10.1016/j.crma.2009.02.016},
	Fjournal = {Comptes Rendus Math\'ematique. Acad\'emie des Sciences. Paris},
	Issn = {1631-073X},
	Journal = {C. R. Math. Acad. Sci. Paris},
	Mrclass = {37F35 (37F10 37F50)},
	Mrnumber = {2537237 (2010d:37091)},
	Mrreviewer = {Julie D{\'e}serti},
	Number = {7-8},
	Pages = {395--400},
	Title = {Dimension and measure for semi-hyperbolic rational maps of degree 2},
	Url = {http://dx.doi.org/10.1016/j.crma.2009.02.016},
	Volume = {347},
	Year = {2009},
	Bdsk-Url-1 = {http://dx.doi.org/10.1016/j.crma.2009.02.016}}

@article{BB1,
	Author = {Bassanelli, Giovanni and Berteloot, Fran{\c{c}}ois},
	Coden = {JRMAA8},
	Fjournal = {Journal f\"ur die Reine und Angewandte Mathematik. [Crelle's Journal]},
	Issn = {0075-4102},
	Journal = {J. Reine Angew. Math.},
	Mrclass = {32U40 (32H50 37F10 37F50)},
	Mrnumber = {MR2339474 (2008g:32052)},
	Mrreviewer = {Laura G. DeMarco},
	Pages = {201--235},
	Title = {Bifurcation currents in holomorphic dynamics on {$\mathbb{P}^k$}},
	Volume = {608},
	Year = {2007}}

@article{BB2,
	Author = {Bassanelli, Giovanni and Berteloot, Fran{\c{c}}ois},
	Fjournal = {Nagoya Mathematical Journal},
	Issn = {0027-7630},
	Journal = {Nagoya Math. J.},
	Mrclass = {37F45 (32U40)},
	Mrnumber = {2772169 (2012h:37098)},
	Mrreviewer = {Roland K. W. Roeder},
	Pages = {23--43},
	Title = {Distribution of polynomials with cycles of a given multiplier},
	Url = {http://projecteuclid.org/getRecord?id=euclid.nmj/1297433733},
	Volume = {201},
	Year = {2011},
	Bdsk-Url-1 = {http://projecteuclid.org/getRecord?id=euclid.nmj/1297433733}}

@article{BB3,
	Author = {Bassanelli, Giovanni and Berteloot, Fran{\c{c}}ois},
	Coden = {MAANA},
	Doi = {10.1007/s00208-008-0325-1},
	Fjournal = {Mathematische Annalen},
	Issn = {0025-5831},
	Journal = {Math. Ann.},
	Mrclass = {37F45 (37F10)},
	Mrnumber = {MR2520048},
	Number = {1},
	Pages = {1--23},
	Title = {Lyapunov exponents, bifurcation currents and laminations in bifurcation loci},
	Url = {http://dx.doi.org/10.1007/s00208-008-0325-1},
	Volume = {345},
	Year = {2009},
	Bdsk-Url-1 = {http://dx.doi.org/10.1007/s00208-008-0325-1}}

@book{beardon,
	Address = {New York},
	Author = {Beardon, Alan F.},
	Isbn = {0-387-97589-6},
	Mrclass = {30D05 (30-01 58F23)},
	Mrnumber = {1128089 (92j:30026)},
	Mrreviewer = {A. {\`E}. Eremenko},
	Note = {Complex analytic dynamical systems},
	Pages = {xvi+280},
	Publisher = {Springer-Verlag},
	Series = {Graduate Texts in Mathematics},
	Title = {Iteration of rational functions},
	Volume = {132},
	Year = {1991}}

@article{BedfordTaylor2,
	Author = {Bedford, Eric and Taylor, B. A.},
	Fjournal = {Bulletin of the American Mathematical Society},
	Issn = {0002-9904},
	Journal = {Bull. Amer. Math. Soc.},
	Mrclass = {32F15 (35F15)},
	Mrnumber = {MR0393574 (52 \#14383)},
	Mrreviewer = {Lawrence Gruman},
	Number = {1},
	Pages = {102--104},
	Title = {The {D}irichlet problem for a complex {M}onge-{A}mpere equation},
	Volume = {82},
	Year = {1976}}
	
@article {BedfordTaylor,
    AUTHOR = {Bedford, Eric and Taylor, B. A.},
     TITLE = {The {D}irichlet problem for a complex {M}onge-{A}mp\`ere
              equation},
   JOURNAL = {Invent. Math.},
  FJOURNAL = {Inventiones Mathematicae},
    VOLUME = {37},
      YEAR = {1976},
    NUMBER = {1},
     PAGES = {1--44},
      ISSN = {0020-9910},
   MRCLASS = {32F05},
  MRNUMBER = {0445006 (56 \#3351)},
MRREVIEWER = {Jacques Vauthier},
}


@article{BDM,
	Author = {Berteloot, Fran{\c{c}}ois and Dupont, Christophe and Molino, Laura},
	Coden = {AIFUA7},
	Fjournal = {Universit\'e de Grenoble. Annales de l'Institut Fourier},
	Issn = {0373-0956},
	Journal = {Ann. Inst. Fourier (Grenoble)},
	Mrclass = {37F10 (32Hxx 37G05)},
	Mrnumber = {MR2473632},
	Number = {6},
	Pages = {2137--2168},
	Title = {Normalization of bundle holomorphic contractions and applications to dynamics},
	Volume = {58},
	Year = {2008}}

@article {BL,
    AUTHOR = {Berteloot, F. and Loeb, J.-J.},
     TITLE = {Spherical hypersurfaces and {L}att\`es rational maps},
   JOURNAL = {J. Math. Pures Appl. (9)},
  FJOURNAL = {Journal de Math\'ematiques Pures et Appliqu\'ees. Neuvi\`eme
              S\'erie},
    VOLUME = {77},
      YEAR = {1998},
    NUMBER = {7},
     PAGES = {655--666},
      ISSN = {0021-7824},
     CODEN = {JMPAAM},
   MRCLASS = {32H50 (32H35 58F23)},
  MRNUMBER = {1645073},
MRREVIEWER = {Dan Coman},
       DOI = {10.1016/S0021-7824(98)80003-2},
       URL = {http://dx.doi.org/10.1016/S0021-7824(98)80003-2},
}

@book{rudiments,
	Address = {Paris},
	Author = {Berteloot, Fran{\c{c}}ois and Mayer, Volker},
	Isbn = {2-86883-521-X},
	Mrclass = {37F10 (30D05 32H50 37-01 37F15 37F50 39B12)},
	Mrnumber = {MR1973050 (2005b:37087)},
	Mrreviewer = {Mattias Jonsson},
	Pages = {vi+160},
	Publisher = {Soci\'et\'e Math\'ematique de France},
	Series = {Cours Sp\'ecialis\'es},
	Title = {Rudiments de dynamique holomorphe},
	Volume = {7},
	Year = {2001}}

@article{brolin,
	Author = {Brolin, Hans},
	Fjournal = {Arkiv f\"or Matematik},
	Issn = {0004-2080},
	Journal = {Ark. Mat.},
	Mrclass = {30.00 (28.70)},
	Mrnumber = {0194595 (33 \#2805)},
	Mrreviewer = {I. N. Baker},
	Pages = {103--144 (1965)},
	Title = {Invariant sets under iteration of rational functions},
	Volume = {6},
	Year = {1965}}

@article{BersRoyden,
	Author = {Bers, Lipman and Royden, H. L.},
	Coden = {ACMAA8},
	Doi = {10.1007/BF02392595},
	Fjournal = {Acta Mathematica},
	Issn = {0001-5962},
	Journal = {Acta Math.},
	Mrclass = {30C60 (32G15 58F08 58F11)},
	Mrnumber = {MR857675 (88i:30034)},
	Mrreviewer = {Frederick P. Gardiner},
	Number = {3-4},
	Pages = {259--286},
	Title = {Holomorphic families of injections},
	Url = {http://dx.doi.org/10.1007/BF02392595},
	Volume = {157},
	Year = {1986},
	Bdsk-Url-1 = {http://dx.doi.org/10.1007/BF02392595}}

@article{B,
	Author = {Berteloot, Fran{\c{c}}ois},
	Doi = {10.1142/S0129167X94000322},
	Fjournal = {International Journal of Mathematics},
	Issn = {0129-167X},
	Journal = {Internat. J. Math.},
	Mrclass = {32M05 (32F15)},
	Mrnumber = {1297410 (95i:32040)},
	Mrreviewer = {Eric Bedford},
	Number = {5},
	Pages = {619--634},
	Title = {Characterization of models in {$\bold C^2$} by their automorphism groups},
	Url = {http://dx.doi.org/10.1142/S0129167X94000322},
	Volume = {5},
	Year = {1994},
	Bdsk-Url-1 = {http://dx.doi.org/10.1142/S0129167X94000322}}

@article{Berteloot,
	Author = {Berteloot, Fran{\c{c}}ois},
	Fjournal = {Rivista di Matematica della Universit\`a di Parma},
	Issn = {0035-6298},
	Journal = {Riv. Math. Univ. Parma},
	Mrclass = {37F99},
	Number = {2},
	Pages = {263--269},
	Title = {Lyapunov exponent of a rational map and multipliers of repelling cycles},
	Url = {http://www.math.unipr.it/~rivista/wwwprotetto/2010-1-2/PDF/02.pdf},
	Volume = {1},
	Year = {2010},
	Bdsk-Url-1 = {http://www.math.unipr.it/~rivista/wwwprotetto/2010-1-2/PDF/02.pdf}}

@incollection{buffepstein,
	Address = {Wellesley, Massachussets},
	Author = {Buff, Xavier and Epstein, Adam L.},
	Booktitle = {Complex dynamics : families and friends / edited by Dierk Schleicher},
	Isbn = {978-1-56881-450-6},
	Pages = {491--512},
	Publisher = {A K Peters, Ltd.},
	Title = {Bifurcation Measure and Postcritically Finite Rational Maps},
	Year = {2009}}

@article{bowen,
	Author = {Bowen, Rufus},
	Coden = {PMIHA6},
	Fjournal = {Institut des Hautes \'Etudes Scientifiques. Publications Math\'ematiques},
	Issn = {0073-8301},
	Journal = {Inst. Hautes \'Etudes Sci. Publ. Math.},
	Mrclass = {57S05 (30C20 32G15 58F11)},
	Mrnumber = {556580 (81g:57023)},
	Mrreviewer = {L. A. Bunimovich},
	Pages = {11--25},
	Title = {Hausdorff dimension of quasicircles},
	Url = {http://www.numdam.org/item?id=PMIHES_1979__50__11_0},
	Volume = {50},
	Year = {1979},
	Bdsk-Url-1 = {http://www.numdam.org/item?id=PMIHES_1979__50__11_0}}

@incollection{branner,
	Address = {Providence, RI},
	Author = {Branner, Bodil},
	Booktitle = {Chaos and fractals ({P}rovidence, {RI}, 1988)},
	Mrclass = {58F08 (30D05)},
	Mrnumber = {1010237},
	Pages = {75--105},
	Publisher = {Amer. Math. Soc.},
	Series = {Proc. Sympos. Appl. Math.},
	Title = {The {M}andelbrot set},
	Volume = {39},
	Year = {1989}}

@article{BH,
	Author = {Branner, Bodil and Hubbard, John H.},
	Coden = {ACMAA8},
	Doi = {10.1007/BF02392275},
	Fjournal = {Acta Mathematica},
	Issn = {0001-5962},
	Journal = {Acta Math.},
	Mrclass = {30D05 (58F08)},
	Mrnumber = {945011 (90d:30073)},
	Mrreviewer = {I. N. Baker},
	Number = {3-4},
	Pages = {143--206},
	Title = {The iteration of cubic polynomials. {I}. {T}he global topology of parameter space},
	Url = {http://dx.doi.org/10.1007/BF02392275},
	Volume = {160},
	Year = {1988},
	Bdsk-Url-1 = {http://dx.doi.org/10.1007/BF02392275}}

@article{briendduval,
	Author = {Briend, Jean-Yves and Duval, Julien},
	Coden = {ACMAA8},
	Doi = {10.1007/BF02392572},
	Fjournal = {Acta Mathematica},
	Issn = {0001-5962},
	Journal = {Acta Math.},
	Mrclass = {32H50 (37A25 37F10)},
	Mrnumber = {1710180 (2000f:32023)},
	Mrreviewer = {Mattias Jonsson},
	Number = {2},
	Pages = {143--157},
	Title = {Exposants de {L}iapounoff et distribution des points p\'eriodiques d'un endomorphisme de {$\mathbf{C}{\rm P}^k$}},
	Url = {http://dx.doi.org/10.1007/BF02392572},
	Volume = {182},
	Year = {1999},
	Bdsk-Url-1 = {http://dx.doi.org/10.1007/BF02392572}}

@article{briendduval2,
	Author = {Briend, Jean-Yves and Duval, Julien},
	Doi = {10.1007/s10240-001-8190-4},
	Fjournal = {Publications Math\'ematiques. Institut de Hautes \'Etudes Scientifiques},
	Issn = {0073-8301},
	Journal = {Publ. Math. Inst. Hautes \'Etudes Sci.},
	Mrclass = {32H50 (37A35 37F10)},
	Mrnumber = {1863737 (2002k:32027)},
	Mrreviewer = {Mattias Jonsson},
	Number = {93},
	Pages = {145--159},
	Title = {Deux caract\'erisations de la mesure d'\'equilibre d'un endomorphisme de {${\rm P}^k(\bold C)$}},
	Url = {http://dx.doi.org/10.1007/s10240-001-8190-4},
	Year = {2001},
	Bdsk-Url-1 = {http://dx.doi.org/10.1007/s10240-001-8190-4}}

@article{bullett,
	Author = {Bullett, Shaun and Sentenac, Pierrette},
	Coden = {MPCPCO},
	Doi = {10.1017/S0305004100072236},
	Fjournal = {Mathematical Proceedings of the Cambridge Philosophical Society},
	Issn = {0305-0041},
	Journal = {Math. Proc. Cambridge Philos. Soc.},
	Mrclass = {58F03 (58F23)},
	Mrnumber = {1269932 (95j:58043)},
	Number = {3},
	Pages = {451--481},
	Title = {Ordered orbits of the shift, square roots, and the devil's staircase},
	Url = {http://dx.doi.org/10.1017/S0305004100072236},
	Volume = {115},
	Year = {1994},
	Bdsk-Url-1 = {http://dx.doi.org/10.1017/S0305004100072236}}

@book{carleson,
	Address = {New York},
	Author = {Carleson, Lennart and Gamelin, Theodore W.},
	Isbn = {0-387-97942-5},
	Mrclass = {30D05 (30C62 39B12 58F23)},
	Mrnumber = {1230383 (94h:30033)},
	Mrreviewer = {Ben Bielefeld},
	Pages = {x+175},
	Publisher = {Springer-Verlag},
	Series = {Universitext: Tracts in Mathematics},
	Title = {Complex dynamics},
	Year = {1993}}

@book{chabat,
	Address = {Moscow},
	Author = {Chabat, B.},
	Isbn = {5-03-001629-5},
	Mrclass = {32-01},
	Mrnumber = {MR1089193 (91k:32001)},
	Note = {Fonctions de plusieurs variables. [Functions of several variables], Translated from the Russian by Djilali Embarek},
	Pages = {420},
	Publisher = {``Mir''},
	Series = {Traduit du Russe: Math\'ematiques. [Translations of Russian Works: Mathematics]},
	Title = {Introduction \`a\ l'analyse complexe. {T}ome 2},
	Year = {1990}}

@misc{Arnaud,
	Author = {Chritat, Arnaud},
	Title = {Personal communication}}

@book{Chirka,
	Address = {Dordrecht},
	Author = {Chirka, E. M.},
	Isbn = {0-7923-0234-6},
	Mrclass = {32C25 (32-02)},
	Mrnumber = {MR1111477 (92b:32016)},
	Note = {Translated from the Russian by R. A. M. Hoksbergen},
	Pages = {xx+372},
	Publisher = {Kluwer Academic Publishers Group},
	Series = {Mathematics and its Applications (Soviet Series)},
	Title = {Complex analytic sets},
	Volume = {46},
	Year = {1989}}

@misc{Demailly,
	Author = {Demailly, J.-P.},
	Note = {free accessible book (http://www-fourier.ujf-grenoble.fr/~demailly/manuscripts/agbook.pdf)},
	Title = {Complex analytic and differential geometry},
	Year = {2011}}

@article{DeMarco1,
	Author = {DeMarco, Laura},
	Fjournal = {Mathematical Research Letters},
	Issn = {1073-2780},
	Journal = {Math. Res. Lett.},
	Mrclass = {37F45 (32U40)},
	Mrnumber = {MR1825260 (2002b:37065)},
	Mrreviewer = {Mattias Jonsson},
	Number = {1-2},
	Pages = {57--66},
	Title = {Dynamics of rational maps: a current on the bifurcation locus},
	Volume = {8},
	Year = {2001}}

@article{DeMarco2,
	Author = {DeMarco, Laura},
	Coden = {MAANA},
	Doi = {10.1007/s00208-002-0404-7},
	Fjournal = {Mathematische Annalen},
	Issn = {0025-5831},
	Journal = {Math. Ann.},
	Mrclass = {32U20 (32H50 32U40 37F45)},
	Mrnumber = {MR1981611 (2004f:32044)},
	Mrreviewer = {Mattias Jonsson},
	Number = {1},
	Pages = {43--73},
	Title = {Dynamics of rational maps: {L}yapunov exponents, bifurcations, and capacity},
	Url = {http://dx.doi.org/10.1007/s00208-002-0404-7},
	Volume = {326},
	Year = {2003},
	Bdsk-Url-1 = {http://dx.doi.org/10.1007/s00208-002-0404-7}}

@book{Alexander,
	Address = {Braunschweig},
	Author = {Alexander, Daniel S.},
	Isbn = {3-528-06520-6},
	Mrclass = {01A60 (01A55 30-03 30D05 58F23)},
	Mrnumber = {1260930 (95d:01014)},
	Mrreviewer = {A. Hinkkanen},
	Note = {From Schr{\"o}der to Fatou and Julia},
	Pages = {viii+165},
	Publisher = {Friedr. Vieweg \& Sohn},
	Series = {Aspects of Mathematics, E24},
	Title = {A history of complex dynamics},
	Year = {1994}}

@book{demelovanstrien,
	Address = {Berlin},
	Author = {de Melo, Welington and van Strien, Sebastian},
	Isbn = {3-540-56412-8},
	Mrclass = {58F03 (58-02 58Fxx)},
	Mrnumber = {MR1239171 (95a:58035)},
	Mrreviewer = {Feliks Przytycki},
	Pages = {xiv+605},
	Publisher = {Springer-Verlag},
	Series = {Ergebnisse der Mathematik und ihrer Grenzgebiete (3) [Results in Mathematics and Related Areas (3)]},
	Title = {One-dimensional dynamics},
	Volume = {25},
	Year = {1993}}

@article{dinhsibony,
	Author = {Dinh, Tien-Cuong and Sibony, Nessim},
	Fjournal = {Annales Scientifiques de l'\'Ecole Normale Sup\'erieure. Quatri\`eme S\'erie},
	Issn = {0012-9593},
	Journal = {Ann. Sci. \'Ec. Norm. Sup\'er. (4)},
	Mrclass = {32Uxx (37Fxx)},
	Mrnumber = {MR2468484},
	Number = {2},
	Pages = {307--336},
	Title = {Equidistribution towards the {G}reen current for holomorphic maps},
	Volume = {41},
	Year = {2008}}

@incollection{dinhsibony2,
	Address = {Berlin},
	Author = {Dinh, Tien-Cuong and Sibony, Nessim},
	Booktitle = {Holomorphic dynamical systems},
	Doi = {10.1007/978-3-642-13171-4_4},
	Mrclass = {37Fxx (32Hxx)},
	Mrnumber = {2648690},
	Pages = {165--294},
	Publisher = {Springer},
	Series = {Lecture Notes in Math.},
	Title = {Dynamics in several complex variables: endomorphisms of projective spaces and polynomial-like mappings},
	Url = {http://dx.doi.org/10.1007/978-3-642-13171-4_4},
	Volume = {1998},
	Year = {2010},
	Bdsk-Url-1 = {http://dx.doi.org/10.1007/978-3-642-13171-4_4}}

@incollection{Douady,
	Author = {Douady, Adrien},
	Booktitle = {Aspects des syst\`emes dynamiques},
	Mrclass = {37F50 (37F10)},
	Mrnumber = {2521938 (2010i:37105)},
	Mrreviewer = {Peter Ha{\"{\i}}ssinsky},
	Pages = {125--166},
	Publisher = {Ed. \'Ec. Polytech., Palaiseau},
	Title = {L'ensemble de {J}ulia d\'epend-il contin\^ument du polyn\^ome?},
	Year = {2009}}

@article{DH,
	Author = {Douady, Adrien and Hubbard, John Hamal},
	Coden = {ASENAH},
	Fjournal = {Annales Scientifiques de l'\'Ecole Normale Sup\'erieure. Quatri\`eme S\'erie},
	Issn = {0012-9593},
	Journal = {Ann. Sci. \'Ecole Norm. Sup. (4)},
	Mrclass = {58F11 (30D05)},
	Mrnumber = {MR816367 (87f:58083)},
	Mrreviewer = {L. Keen},
	Number = {2},
	Pages = {287--343},
	Title = {On the dynamics of polynomial-like mappings},
	Url = {http://www.numdam.org/item?id=ASENS_1985_4_18_2_287_0},
	Volume = {18},
	Year = {1985},
	Bdsk-Url-1 = {http://www.numdam.org/item?id=ASENS_1985_4_18_2_287_0}}

@article{dujardin,
	Author = {Dujardin, Romain},
	Coden = {IUMJAB},
	Doi = {10.1512/iumj.2006.55.2903},
	Fjournal = {Indiana University Mathematics Journal},
	Issn = {0022-2518},
	Journal = {Indiana Univ. Math. J.},
	Mrclass = {32C30 (37F10)},
	Mrnumber = {MR2225446 (2007d:32004)},
	Mrreviewer = {St{\'e}phane Lamy},
	Number = {2},
	Pages = {579--592},
	Title = {Approximation des fonctions lisses sur certaines laminations},
	Url = {http://dx.doi.org/10.1512/iumj.2006.55.2903},
	Volume = {55},
	Year = {2006},
	Bdsk-Url-1 = {http://dx.doi.org/10.1512/iumj.2006.55.2903}}

@incollection{dujardin2,
	Address = {Wellesley, Massachussets},
	Author = {Dujardin, Romain},
	Booktitle = {Complex dynamics : families and friends / edited by Dierk Schleicher},
	Isbn = {978-1-56881-450-6},
	Pages = {451--490},
	Publisher = {A K Peters, Ltd.},
	Title = {Cubic polynomials: a measurable view on parameter space},
	Year = {2009}}

@article{favredujardin,
	Author = {Dujardin, Romain and Favre, Charles},
	Coden = {AJMAAN},
	Fjournal = {American Journal of Mathematics},
	Issn = {0002-9327},
	Journal = {Amer. J. Math.},
	Mrclass = {32H50 (32U40 37F10)},
	Mrnumber = {MR2427006 (2009f:32035)},
	Mrreviewer = {Laura G. DeMarco},
	Number = {4},
	Pages = {979--1032},
	Title = {Distribution of rational maps with a preperiodic critical point},
	Volume = {130},
	Year = {2008}}

@book{Falconer,
	Address = {Chichester},
	Author = {Falconer, Kenneth},
	Isbn = {0-471-92287-0},
	Mrclass = {28A80 (00A69 11K55 28-01 58F13 60G18)},
	Mrnumber = {MR1102677 (92j:28008)},
	Mrreviewer = {Christoph Bandt},
	Note = {Mathematical foundations and applications},
	Pages = {xxii+288},
	Publisher = {John Wiley \& Sons Ltd.},
	Title = {Fractal geometry},
	Year = {1990}}

@article{goldbergkeen,
	Author = {Goldberg, Lisa R. and Keen, Linda},
	Coden = {INVMBH},
	Doi = {10.1007/BF01231505},
	Fjournal = {Inventiones Mathematicae},
	Issn = {0020-9910},
	Journal = {Invent. Math.},
	Mrclass = {30D05 (30F60 58F23)},
	Mrnumber = {1062965 (91h:30041)},
	Mrreviewer = {Feliks Przytycki},
	Number = {2},
	Pages = {335--372},
	Title = {The mapping class group of a generic quadratic rational map and automorphisms of the {$2$}-shift},
	Url = {http://dx.doi.org/10.1007/BF01231505},
	Volume = {101},
	Year = {1990},
	Bdsk-Url-1 = {http://dx.doi.org/10.1007/BF01231505}}

@article{ElMir,
	Author = {Ben Messaoud, Hedi and ElMir, Hassine},
	Fjournal = {The Journal of Geometric Analysis},
	Issn = {1050-6926},
	Journal = {J. Geom. Anal.},
	Mrclass = {32U40 (32C30 32U25 32W20)},
	Mrnumber = {1758586 (2001j:32037)},
	Mrreviewer = {Norman Levenberg},
	Number = {1},
	Pages = {139--168},
	Title = {Op\'erateur de {M}onge-{A}mp\`ere et tranchage des courants positifs ferm\'es},
	Volume = {10},
	Year = {2000}}

@article{epstein,
	Author = {Epstein, Adam Lawrence},
	Doi = {10.1017/S0143385700000390},
	Fjournal = {Ergodic Theory and Dynamical Systems},
	Issn = {0143-3857},
	Journal = {Ergodic Theory Dynam. Systems},
	Mrclass = {37F45 (30D05 35F25 37F10)},
	Mrnumber = {1764925 (2001i:37070)},
	Mrreviewer = {Hartje Kriete},
	Number = {3},
	Pages = {727--748},
	Title = {Bounded hyperbolic components of quadratic rational maps},
	Url = {http://dx.doi.org/10.1017/S0143385700000390},
	Volume = {20},
	Year = {2000},
	Bdsk-Url-1 = {http://dx.doi.org/10.1017/S0143385700000390}}

@misc{epstein2,
	Author = {Epstein, Adam},
	Note = {preprint},
	Title = {Transversality in holomorphic dynamics},
	Year = {2009}}

@article{Levin,
	Author = {Er{\"e}menko, A. {\`E}. and Levin, G. M.},
	Fjournal = {Teoriya Funktsi\u\i, Funktsional\cprime ny\u\i\ Analiz i ikh Prilozheniya},
	Issn = {0321-4427},
	Journal = {Teor. Funktsi\u\i\ Funktsional. Anal. i Prilozhen.},
	Mrclass = {30D05 (58F23)},
	Mrnumber = {1258059 (95e:30027)},
	Mrreviewer = {I. N. Baker},
	Pages = {30--40 (1993)},
	Title = {Estimation of the characteristic exponents of a polynomial},
	Volume = {58},
	Year = {1992}}

@article{Levin2,
	Author = {Levin, Genadi},
	Doi = {10.1017/S0143385709001059},
	Fjournal = {Ergodic Theory and Dynamical Systems},
	Issn = {0143-3857},
	Journal = {Ergodic Theory Dynam. Systems},
	Mrclass = {37F10 (37C25)},
	Mrnumber = {2755929 (2012a:37095)},
	Mrreviewer = {Peter Ha{\"{\i}}ssinsky},
	Number = {1},
	Pages = {197--243},
	Title = {Multipliers of periodic orbits in spaces of rational maps},
	Url = {http://dx.doi.org/10.1017/S0143385709001059},
	Volume = {31},
	Year = {2011},
	Bdsk-Url-1 = {http://dx.doi.org/10.1017/S0143385709001059}}

@book{Klimek,
	Address = {New York},
	Author = {Klimek, Maciej},
	Isbn = {0-19-853568-6},
	Mrclass = {32F07 (32F05 35J60)},
	Mrnumber = {MR1150978 (93h:32021)},
	Mrreviewer = {Norman Levenberg},
	Note = {Oxford Science Publications},
	Pages = {xiv+266},
	Publisher = {The Clarendon Press Oxford University Press},
	Series = {London Mathematical Society Monographs. New Series},
	Title = {Pluripotential theory},
	Volume = {6},
	Year = {1991}}

@book{Henrici,
	Address = {New York},
	Author = {Henrici, Peter},
	Isbn = {0-471-08703-3},
	Mrclass = {30-02 (30C30 65-02 65E05)},
	Mrnumber = {MR822470 (87h:30002)},
	Mrreviewer = {A. E. Heins},
	Note = {Discrete Fourier analysis---Cauchy integrals---construction of conformal maps---univalent functions, A Wiley-Interscience Publication},
	Pages = {xvi+637},
	Publisher = {John Wiley \& Sons Inc.},
	Series = {Pure and Applied Mathematics (New York)},
	Title = {Applied and computational complex analysis. {V}ol. 3},
	Year = {1986}}

@book{hardywright,
	Address = {New York},
	Author = {Hardy, G. H. and Wright, E. M.},
	Edition = {Fifth},
	Isbn = {0-19-853170-2; 0-19-853171-0},
	Mrclass = {10-01},
	Mrnumber = {568909 (81i:10002)},
	Mrreviewer = {T. M. Apostol},
	Pages = {xvi+426},
	Publisher = {The Clarendon Press Oxford University Press},
	Title = {An introduction to the theory of numbers},
	Year = {1979}}

@book{hormander1,
	Address = {Berlin},
	Author = {H{\"o}rmander, Lars},
	Isbn = {3-540-12104-8},
	Mrclass = {35-02 (42B10 46Fxx)},
	Mrnumber = {MR717035 (85g:35002a)},
	Mrreviewer = {L. Cattabriga},
	Note = {Distribution theory and Fourier analysis},
	Pages = {ix+391},
	Publisher = {Springer-Verlag},
	Series = {Grundlehren der Mathematischen Wissenschaften [Fundamental Principles of Mathematical Sciences]},
	Title = {The analysis of linear partial differential operators. {I}},
	Volume = {256},
	Year = {1983}}

@book{hormander1,
	Address = {Berlin},
	Author = {H{\"o}rmander, Lars},
	Isbn = {3-540-12104-8},
	Mrclass = {35-02 (42B10 46Fxx)},
	Mrnumber = {MR717035 (85g:35002a)},
	Mrreviewer = {L. Cattabriga},
	Note = {Distribution theory and Fourier analysis},
	Pages = {ix+391},
	Publisher = {Springer-Verlag},
	Series = {Grundlehren der Mathematischen Wissenschaften [Fundamental Principles of Mathematical Sciences]},
	Title = {The analysis of linear partial differential operators. {I}},
	Volume = {256},
	Year = {1983}}

@misc{kiwirees,
	Author = {Kiwi, Jan and Rees, Mary},
	Note = {preprint	arXiv: math.DS/1003.6104v1},
	Title = {Counting Hyperbolic Components},
	Year = {2010}}

@book{Hubbard,
	Author = {Hubbard, John Hamal},
	Isbn = {978-0-9715766-2-9; 0-9715766-2-9},
	Mrclass = {30F60 (30-02 30F10 32G15)},
	Mrnumber = {MR2245223 (2008k:30055)},
	Mrreviewer = {Hiroshige Shiga},
	Note = {Teichm{\"u}ller theory, With contributions by Adrien Douady, William Dunbar, Roland Roeder, Sylvain Bonnot, David Brown, Allen Hatcher, Chris Hruska and Sudeb Mitra, With forewords by William Thurston and Clifford Earle},
	Pages = {xx+459},
	Publisher = {Matrix Editions, Ithaca, NY},
	Title = {Teichm\"uller theory and applications to geometry, topology, and dynamics. {V}ol. 1},
	Year = {2006}}

@article{Ledrappier,
	Author = {Ledrappier, Fran{\c{c}}ois},
	Coden = {CASMEI},
	Fjournal = {Comptes Rendus des S\'eances de l'Acad\'emie des Sciences. S\'erie I. Math\'ematique},
	Issn = {0249-6291},
	Journal = {C. R. Acad. Sci. Paris S\'er. I Math.},
	Mrclass = {58F11 (28D20 30D05)},
	Mrnumber = {MR756305 (86c:58091)},
	Mrreviewer = {M. Rees},
	Number = {1},
	Pages = {37--40},
	Title = {Quelques propri\'et\'es ergodiques des applications rationnelles},
	Volume = {299},
	Year = {1984}}

@article{Article2,
	Author = {Buff, Xavier and Gauthier, Thomas},
	Journal = {Bull. Soc Math. France},
	Number = {4},
	Pages = {603-614},
	Title = {Pertubations of flexible {L}att\`es maps},
	Volume = {141},
	Year = {2013},
	}

@incollection{Lojasiewicz,
	Address = {Paris},
	Author = {{\L}ojasiewicz, S.},
	Booktitle = {Actes du {C}ongr\`es {I}nternational des {M}ath\'ematiciens ({N}ice, 1970), {T}ome 2},
	Mrclass = {32B20},
	Mrnumber = {MR0425152 (54 \#13109)},
	Mrreviewer = {M. Herrera},
	Pages = {237--241},
	Publisher = {Gauthier-Villars},
	Title = {Sur les ensembles semi-analytiques},
	Year = {1971}}

@article{MSS,
	Author = {Ma{\~n}{\'e}, R. and Sad, P. and Sullivan, D.},
	Coden = {ASENAH},
	Fjournal = {Annales Scientifiques de l'\'Ecole Normale Sup\'erieure. Quatri\`eme S\'erie},
	Issn = {0012-9593},
	Journal = {Ann. Sci. \'Ecole Norm. Sup. (4)},
	Mrclass = {58F10 (30D05 58F20)},
	Mrnumber = {MR732343 (85j:58089)},
	Mrreviewer = {I. N. Baker},
	Number = {2},
	Pages = {193--217},
	Title = {On the dynamics of rational maps},
	Url = {http://www.numdam.org/item?id=ASENS_1983_4_16_2_193_0},
	Volume = {16},
	Year = {1983},
	Bdsk-Url-1 = {http://www.numdam.org/item?id=ASENS_1983_4_16_2_193_0}}

@article{ljubich,
	Author = {Ljubich, M. Ju.},
	Doi = {10.1017/S0143385700002030},
	Fjournal = {Ergodic Theory and Dynamical Systems},
	Issn = {0143-3857},
	Journal = {Ergodic Theory Dynam. Systems},
	Mrclass = {58F11 (28D20 54H20)},
	Mrnumber = {741393 (85k:58049)},
	Mrreviewer = {W. R. Utz},
	Number = {3},
	Pages = {351--385},
	Title = {Entropy properties of rational endomorphisms of the {R}iemann sphere},
	Url = {http://dx.doi.org/10.1017/S0143385700002030},
	Volume = {3},
	Year = {1983},
	Bdsk-Url-1 = {http://dx.doi.org/10.1017/S0143385700002030}}

@article{mane,
	Author = {Ma{\~n}{\'e}, Ricardo},
	Coden = {BSBMDD},
	Fjournal = {Boletim da Sociedade Brasileira de Matem\'atica},
	Issn = {0100-3569},
	Journal = {Bol. Soc. Brasil. Mat.},
	Mrclass = {58F11 (30D05)},
	Mrnumber = {736567 (85m:58110a)},
	Mrreviewer = {D. Newton},
	Number = {1},
	Pages = {27--43},
	Title = {On the uniqueness of the maximizing measure for rational maps},
	Volume = {14},
	Year = {1983}}

@book{Mattila,
	Address = {Cambridge},
	Author = {Mattila, Pertti},
	Isbn = {0-521-46576-1; 0-521-65595-1},
	Mrclass = {28A75 (49Q20)},
	Mrnumber = {MR1333890 (96h:28006)},
	Mrreviewer = {Harold Parks},
	Note = {Fractals and rectifiability},
	Pages = {xii+343},
	Publisher = {Cambridge University Press},
	Series = {Cambridge Studies in Advanced Mathematics},
	Title = {Geometry of sets and measures in {E}uclidean spaces},
	Volume = {44},
	Year = {1995}}

@book{McMullen,
	Address = {Princeton, NJ},
	Author = {McMullen, Curtis T.},
	Isbn = {0-691-02982-2; 0-691-02981-4},
	Mrclass = {58F23 (30D05)},
	Mrnumber = {MR1312365 (96b:58097)},
	Mrreviewer = {Gregery T. Buzzard},
	Pages = {x+214},
	Publisher = {Princeton University Press},
	Series = {Annals of Mathematics Studies},
	Title = {Complex dynamics and renormalization},
	Volume = {135},
	Year = {1994}}

@article{McMullen2,
	Author = {McMullen, Curtis T.},
	Coden = {COMHAX},
	Doi = {10.1007/s000140050140},
	Fjournal = {Commentarii Mathematici Helvetici},
	Issn = {0010-2571},
	Journal = {Comment. Math. Helv.},
	Mrclass = {37F35 (30D05 30F40 37F30)},
	Mrnumber = {MR1789177 (2001m:37089)},
	Mrreviewer = {Edward C. Taylor},
	Number = {4},
	Pages = {535--593},
	Title = {Hausdorff dimension and conformal dynamics. {II}. {G}eometrically finite rational maps},
	Url = {http://dx.doi.org/10.1007/s000140050140},
	Volume = {75},
	Year = {2000},
	Bdsk-Url-1 = {http://dx.doi.org/10.1007/s000140050140}}

@incollection{McMullen3,
	Address = {Cambridge},
	Author = {McMullen, Curtis T.},
	Booktitle = {The {M}andelbrot set, theme and variations},
	Mrclass = {37F45 (30D05 37F10)},
	Mrnumber = {MR1765082 (2002f:37081)},
	Mrreviewer = {Peter Ha{\"{\i}}ssinsky},
	Pages = {1--17},
	Publisher = {Cambridge Univ. Press},
	Series = {London Math. Soc. Lecture Note Ser.},
	Title = {The {M}andelbrot set is universal},
	Volume = {274},
	Year = {2000}}

@incollection{Milnor,
	Author = {Milnor, John},
	Booktitle = {Dynamics on the {R}iemann sphere},
	Mrclass = {37F10 (30D05 37-02)},
	Mrnumber = {MR2348953},
	Mrreviewer = {Feliks Przytycki},
	Pages = {9--43},
	Publisher = {Eur. Math. Soc., Z\"urich},
	Title = {On {L}att\`es maps},
	Year = {2006}}

@misc{Milnor2,
	Author = {John W. Milnor},
	Title = {Remarks on quadratic rational maps},
	Url = {http://www.citebase.org/abstract?id=oai:arXiv.org:math/9209221},
	Year = {1992},
	Bdsk-Url-1 = {http://www.citebase.org/abstract?id=oai:arXiv.org:math/9209221}}

@article{Milnor3,
	Author = {Milnor, John},
	Fjournal = {Experimental Mathematics},
	Issn = {1058-6458},
	Journal = {Experiment. Math.},
	Mrclass = {58F20 (30D05 32S70 58F23)},
	Mrnumber = {MR1246482 (96b:58094)},
	Mrreviewer = {J. S. Joel},
	Note = {With an appendix by the author and Lei Tan},
	Number = {1},
	Pages = {37--83},
	Title = {Geometry and dynamics of quadratic rational maps},
	Url = {http://projecteuclid.org/getRecord?id=euclid.em/1062620736},
	Volume = {2},
	Year = {1993},
	Bdsk-Url-1 = {http://projecteuclid.org/getRecord?id=euclid.em/1062620736}}

@book{Milnor4,
	Address = {Princeton, NJ},
	Author = {Milnor, John},
	Edition = {Third},
	Isbn = {978-0-691-12488-9; 0-691-12488-4},
	Mrclass = {37Fxx (30-01 30D05 37-01)},
	Mrnumber = {2193309 (2006g:37070)},
	Pages = {viii+304},
	Publisher = {Princeton University Press},
	Series = {Annals of Mathematics Studies},
	Title = {Dynamics in one complex variable},
	Volume = {160},
	Year = {2006}}

@book{Namba,
	Address = {Harlow},
	Author = {Namba, Makoto},
	Isbn = {0-582-01371-2},
	Mrclass = {14E20 (14-02 14E22 32B99 32C25)},
	Mrnumber = {MR933557 (89d:14020)},
	Mrreviewer = {L. B{\u{a}}descu},
	Pages = {viii+201},
	Publisher = {Longman Scientific \& Technical},
	Series = {Pitman Research Notes in Mathematics Series},
	Title = {Branched coverings and algebraic functions},
	Volume = {161},
	Year = {1987}}

@misc{okuyama,
	Author = {Y\^uzuke Okuyama},
	Note = {preprint arXiv math.CV/1008.1445v1},
	Title = {Lyapunov exponents in complex dynamics and potential theory},
	Year = {2010}}

@article{Przytycki2,
	Author = {Przytycki, Feliks},
	Coden = {INVMBH},
	Doi = {10.1007/BF01388554},
	Fjournal = {Inventiones Mathematicae},
	Issn = {0020-9910},
	Journal = {Invent. Math.},
	Mrclass = {30D05 (58F11 58F12)},
	Mrnumber = {784535 (86g:30035)},
	Mrreviewer = {Robert L. Devaney},
	Number = {1},
	Pages = {161--179},
	Title = {Hausdorff dimension of harmonic measure on the boundary of an attractive basin for a holomorphic map},
	Url = {http://dx.doi.org/10.1007/BF01388554},
	Volume = {80},
	Year = {1985},
	Bdsk-Url-1 = {http://dx.doi.org/10.1007/BF01388554}}

@article{Przytycki,
	Author = {Przytycki, Feliks and Rivera-Letelier, Juan and Smirnov, Stanislav},
	Doi = {10.1017/S0143385703000385},
	Fjournal = {Ergodic Theory and Dynamical Systems},
	Issn = {0143-3857},
	Journal = {Ergodic Theory Dynam. Systems},
	Mrclass = {37F10 (37D35 37F35 37F50)},
	Mrnumber = {2062924 (2005e:37103)},
	Mrreviewer = {Christian P. Wolf},
	Number = {3},
	Pages = {891--914},
	Title = {Equality of pressures for rational functions},
	Url = {http://dx.doi.org/10.1017/S0143385703000385},
	Volume = {24},
	Year = {2004},
	Bdsk-Url-1 = {http://dx.doi.org/10.1017/S0143385703000385}}

@article{Prz,
	Author = {Przytycki, Feliks},
	Coden = {TAMTAM},
	Doi = {10.1090/S0002-9947-99-02195-9},
	Fjournal = {Transactions of the American Mathematical Society},
	Issn = {0002-9947},
	Journal = {Trans. Amer. Math. Soc.},
	Mrclass = {58F11 (30D05 30F40 58F23)},
	Mrnumber = {1615954 (99h:58110)},
	Mrreviewer = {Petra Bonfert-Taylor},
	Number = {5},
	Pages = {2081--2099},
	Title = {Conical limit set and {P}oincar\'e exponent for iterations of rational functions},
	Url = {http://dx.doi.org/10.1090/S0002-9947-99-02195-9},
	Volume = {351},
	Year = {1999},
	Bdsk-Url-1 = {http://dx.doi.org/10.1090/S0002-9947-99-02195-9}}

@article{PRLS,
	Author = {Przytycki, Feliks and Rivera-Letelier, Juan and Smirnov, Stanislav},
	Coden = {INVMBH},
	Doi = {10.1007/s00222-002-0243-x},
	Fjournal = {Inventiones Mathematicae},
	Issn = {0020-9910},
	Journal = {Invent. Math.},
	Mrclass = {37F10 (37F15)},
	Mrnumber = {1943741 (2003k:37065)},
	Mrreviewer = {Peter Ha{\"{\i}}ssinsky},
	Number = {1},
	Pages = {29--63},
	Title = {Equivalence and topological invariance of conditions for non-uniform hyperbolicity in the iteration of rational maps},
	Url = {http://dx.doi.org/10.1007/s00222-002-0243-x},
	Volume = {151},
	Year = {2003},
	Bdsk-Url-1 = {http://dx.doi.org/10.1007/s00222-002-0243-x}}

@article{rivera2,
	Author = {Rivera-Letelier, Juan},
	Doi = {10.1017/S0143385706000629},
	Fjournal = {Ergodic Theory and Dynamical Systems},
	Issn = {0143-3857},
	Journal = {Ergodic Theory Dynam. Systems},
	Mrclass = {37F10 (37D25 37F50)},
	Mrnumber = {2308147 (2008a:37051)},
	Mrreviewer = {Kiyoko Nishizawa},
	Number = {2},
	Pages = {595--636},
	Title = {A connecting lemma for rational maps satisfying a no-growth condition},
	Url = {http://dx.doi.org/10.1017/S0143385706000629},
	Volume = {27},
	Year = {2007},
	Bdsk-Url-1 = {http://dx.doi.org/10.1017/S0143385706000629}}

@book{ransford,
	Address = {Cambridge},
	Author = {Ransford, Thomas},
	Doi = {10.1017/CBO9780511623776},
	Isbn = {0-521-46120-0; 0-521-46654-7},
	Mrclass = {31-02},
	Mrnumber = {1334766 (96e:31001)},
	Mrreviewer = {D. H. Armitage},
	Pages = {x+232},
	Publisher = {Cambridge University Press},
	Series = {London Mathematical Society Student Texts},
	Title = {Potential theory in the complex plane},
	Url = {http://dx.doi.org/10.1017/CBO9780511623776},
	Volume = {28},
	Year = {1995},
	Bdsk-Url-1 = {http://dx.doi.org/10.1017/CBO9780511623776}}

@book{rudin,
	Address = {New York},
	Author = {Rudin, Walter},
	Isbn = {0-387-90514-6},
	Mrclass = {32-01 (32A07 32A10)},
	Mrnumber = {MR601594 (82i:32002)},
	Mrreviewer = {L. I. Ronkin},
	Pages = {xiii+436},
	Publisher = {Springer-Verlag},
	Series = {Grundlehren der Mathematischen Wissenschaften [Fundamental Principles of Mathematical Science]},
	Title = {Function theory in the unit ball of $\mathbb{C}^{n}$},
	Volume = {241},
	Year = {1980}}

@incollection{Shishikura,
	Address = {Cambridge},
	Author = {Shishikura, Mitsuhiro and Tan, Lei},
	Booktitle = {The {M}andelbrot set, theme and variations},
	Mrclass = {37F50 (30D05 37F10)},
	Mrnumber = {MR1765093 (2001b:37074)},
	Pages = {265--279},
	Publisher = {Cambridge Univ. Press},
	Series = {London Math. Soc. Lecture Note Ser.},
	Title = {An alternative proof of {M}a\~n\'e's theorem on non-expanding {J}ulia sets},
	Volume = {274},
	Year = {2000}}

@article{Shishikura2,
	Author = {Shishikura, Mitsuhiro},
	Coden = {ANMAAH},
	Doi = {10.2307/121009},
	Fjournal = {Annals of Mathematics. Second Series},
	Issn = {0003-486X},
	Journal = {Ann. of Math. (2)},
	Mrclass = {37F35 (30D05 37F45 37F50)},
	Mrnumber = {MR1626737 (2000f:37056)},
	Mrreviewer = {Hartje Kriete},
	Number = {2},
	Pages = {225--267},
	Title = {The {H}ausdorff dimension of the boundary of the {M}andelbrot set and {J}ulia sets},
	Url = {http://dx.doi.org/10.2307/121009},
	Volume = {147},
	Year = {1998},
	Bdsk-Url-1 = {http://dx.doi.org/10.2307/121009}}

@article{Shishikura3,
	Author = {Shishikura, Mitsuhiro},
	Coden = {ASENAH},
	Fjournal = {Annales Scientifiques de l'\'Ecole Normale Sup\'erieure. Quatri\`eme S\'erie},
	Issn = {0012-9593},
	Journal = {Ann. Sci. \'Ecole Norm. Sup. (4)},
	Mrclass = {58F11 (30D05 58F20)},
	Mrnumber = {892140 (88i:58099)},
	Mrreviewer = {Robert L. Devaney},
	Number = {1},
	Pages = {1--29},
	Title = {On the quasiconformal surgery of rational functions},
	Url = {http://www.numdam.org/item?id=ASENS_1987_4_20_1_1_0},
	Volume = {20},
	Year = {1987},
	Bdsk-Url-1 = {http://www.numdam.org/item?id=ASENS_1987_4_20_1_1_0}}

@incollection{Sibony,
	Address = {Paris},
	Author = {Sibony, Nessim},
	Booktitle = {Dynamique et g\'eom\'etrie complexes ({L}yon, 1997)},
	Mrclass = {32H50 (37F10 37F50)},
	Mrnumber = {MR1760844 (2001e:32026)},
	Mrreviewer = {Mattias Jonsson},
	Pages = {ix--x, xi--xii, 97--185},
	Publisher = {Soc. Math. France},
	Series = {Panor. Synth\`eses},
	Title = {Dynamique des applications rationnelles de {$\textbf{P}^k$}},
	Volume = {8},
	Year = {1999}}

@article{Sibony2,
	Author = {Sibony, Nessim},
	Coden = {DUMJAO},
	Doi = {10.1215/S0012-7094-85-05210-X},
	Fjournal = {Duke Mathematical Journal},
	Issn = {0012-7094},
	Journal = {Duke Math. J.},
	Mrclass = {32D20 (32D15 32F05)},
	Mrnumber = {MR791297 (87e:32020)},
	Mrreviewer = {B. A. Taylor},
	Number = {1},
	Pages = {157--197},
	Title = {Quelques probl\`emes de prolongement de courants en analyse complexe},
	Url = {http://dx.doi.org/10.1215/S0012-7094-85-05210-X},
	Volume = {52},
	Year = {1985},
	Bdsk-Url-1 = {http://dx.doi.org/10.1215/S0012-7094-85-05210-X}}

@book{Silverman,
	Address = {New York},
	Author = {Silverman, Joseph H.},
	Isbn = {978-0-387-69903-5},
	Mrclass = {11-02 (11-01 11G05 11G07 11G50 37-02 37F10)},
	Mrnumber = {MR2316407 (2008c:11002)},
	Mrreviewer = {Thomas Ward},
	Pages = {x+511},
	Publisher = {Springer},
	Series = {Graduate Texts in Mathematics},
	Title = {The arithmetic of dynamical systems},
	Volume = {241},
	Year = {2007}}

@book{Steinmetz,
	Address = {Berlin},
	Author = {Steinmetz, Norbert},
	Isbn = {3-11-013765-8},
	Mrclass = {30D05 (39B12 58F23)},
	Mrnumber = {MR1224235 (94h:30035)},
	Mrreviewer = {I. N. Baker},
	Note = {Complex analytic dynamical systems},
	Pages = {x+189},
	Publisher = {Walter de Gruyter \& Co.},
	Series = {de Gruyter Studies in Mathematics},
	Title = {Rational iteration},
	Volume = {16},
	Year = {1993}}

@article{TanLei,
	Author = {Lei, Tan},
	Coden = {NONLE5},
	Doi = {10.1088/0951-7715/11/2/003},
	Fjournal = {Nonlinearity},
	Issn = {0951-7715},
	Journal = {Nonlinearity},
	Mrclass = {58F23 (30D05)},
	Mrnumber = {MR1610752 (99b:58202)},
	Mrreviewer = {Fuyao Ren},
	Number = {2},
	Pages = {233--246},
	Title = {Hausdorff dimension of subsets of the parameter space for families of rational maps. ({A} generalization of {S}hishikura's result)},
	Url = {http://dx.doi.org/10.1088/0951-7715/11/2/003},
	Volume = {11},
	Year = {1998},
	Bdsk-Url-1 = {http://dx.doi.org/10.1088/0951-7715/11/2/003}}

@book{Tsuji,
	Address = {New York},
	Author = {Tsuji, M.},
	Mrclass = {31-02},
	Mrnumber = {0414898 (54 \#2990)},
	Note = {Reprinting of the 1959 original},
	Pages = {x+590},
	Publisher = {Chelsea Publishing Co.},
	Title = {Potential theory in modern function theory},
	Year = {1975}}

@article{Urbanski,
	Author = {Urba{\'n}ski, Mariusz},
	Doi = {10.1017/S0143385700007926},
	Fjournal = {Ergodic Theory and Dynamical Systems},
	Issn = {0143-3857},
	Journal = {Ergodic Theory Dynam. Systems},
	Mrclass = {58F23 (28A78 28D05 30D30)},
	Mrnumber = {MR1279476 (95g:58191)},
	Mrreviewer = {Manfred Denker},
	Number = {2},
	Pages = {391--414},
	Title = {Rational functions with no recurrent critical points},
	Url = {http://dx.doi.org/10.1017/S0143385700007926},
	Volume = {14},
	Year = {1994},
	Bdsk-Url-1 = {http://dx.doi.org/10.1017/S0143385700007926}}

@article{vanstrien,
	Author = {van Strien, Sebastian},
	Fjournal = {Fundamenta Mathematicae},
	Issn = {0016-2736},
	Journal = {Fund. Math.},
	Mrclass = {37F45 (37E05 37F10)},
	Mrnumber = {MR1750334 (2001g:37064)},
	Number = {1},
	Pages = {39--54},
	Title = {Misiurewicz maps unfold generically (even if they are critically non-finite)},
	Volume = {163},
	Year = {2000}}

@article{zinsmeister,
	Author = {Zinsmeister, Michel},
	Coden = {CASMEI},
	Doi = {10.1016/S0764-4442(98)80233-4},
	Fjournal = {Comptes Rendus de l'Acad\'emie des Sciences. S\'erie I. Math\'ematique},
	Issn = {0764-4442},
	Journal = {C. R. Acad. Sci. Paris S\'er. I Math.},
	Mrclass = {58F23 (28A78 30D05)},
	Mrnumber = {1650223 (99j:58180)},
	Mrreviewer = {Peter Petek},
	Number = {10},
	Pages = {1227--1232},
	Title = {Fleur de {L}eau-{F}atou et dimension de {H}ausdorff},
	Url = {http://dx.doi.org/10.1016/S0764-4442(98)80233-4},
	Volume = {326},
	Year = {1998},
	Bdsk-Url-1 = {http://dx.doi.org/10.1016/S0764-4442(98)80233-4}}

@incollection{zeriahi,
	Author = {Benelkourchi, Slimane and Guedj, Vincent and Zeriahi, Ahmed},
	Booktitle = {Complex analysis and digital geometry},
	Mrclass = {32U15 (32U05 32W20)},
	Mrnumber = {2742673 (2011j:32045)},
	Mrreviewer = {S{\l}awomir Dinew},
	Pages = {57--74},
	Publisher = {Uppsala Universitet, Uppsala},
	Series = {Acta Univ. Upsaliensis Skr. Uppsala Univ. C Organ. Hist.},
	Title = {Plurisubharmonic functions with weak singularities},
	Volume = {86},
	Year = {2009}}

@article{zeriahi2,
	Author = {Zeriahi, Ahmed},
	Doi = {10.1307/mmj/1029005789},
	Fjournal = {The Michigan Mathematical Journal},
	Issn = {0026-2285},
	Journal = {Michigan Math. J.},
	Mrclass = {32F07 (32F05 35J65)},
	Mrnumber = {1481120 (98i:32022)},
	Mrreviewer = {S{\l}awomir Ko{\l}odziej},
	Number = {3},
	Pages = {579--596},
	Title = {Pluricomplex {G}reen functions and the {D}irichlet problem for the complex {M}onge-{A}mp\`ere operator},
	Url = {http://dx.doi.org/10.1307/mmj/1029005789},
	Volume = {44},
	Year = {1997},
	Bdsk-Url-1 = {http://dx.doi.org/10.1307/mmj/1029005789}}

@article{kolodziej,
	Author = {Ko{\l}odziej, S{\l}awomir},
	Coden = {MAMCAU},
	Fjournal = {Memoirs of the American Mathematical Society},
	Issn = {0065-9266},
	Journal = {Mem. Amer. Math. Soc.},
	Mrclass = {32W20 (32U15)},
	Mrnumber = {2172891 (2006d:32054)},
	Mrreviewer = {Norman Levenberg},
	Number = {840},
	Pages = {x+64},
	Title = {The complex {M}onge-{A}mp\`ere equation and pluripotential theory},
	Volume = {178},
	Year = {2005}}


@article {MortonSilverman,
    AUTHOR = {Morton, Patrick and Silverman, Joseph H.},
     TITLE = {Rational periodic points of rational functions},
   JOURNAL = {Internat. Math. Res. Notices},
  FJOURNAL = {International Mathematics Research Notices},
      YEAR = {1994},
    volume = {2},
     PAGES = {97--110},
      ISSN = {1073-7928},
   MRCLASS = {11G99 (14E05)},
  MRNUMBER = {1264933},
MRREVIEWER = {Jeffrey Lin Thunder},
       DOI = {10.1155/S1073792894000127},
       URL = {http://dx.doi.org/10.1155/S1073792894000127},
}


@article {Benedetto,
    AUTHOR = {Benedetto, Robert L.},
     TITLE = {Preperiodic points of polynomials over global fields},
   JOURNAL = {J. Reine Angew. Math.},
  FJOURNAL = {Journal f\"ur die Reine und Angewandte Mathematik. [Crelle's
              Journal]},
    VOLUME = {608},
      YEAR = {2007},
     PAGES = {123--153},
      ISSN = {0075-4102},
     CODEN = {JRMAA8},
   MRCLASS = {11G35 (37F10)},
  MRNUMBER = {2339471},
MRREVIEWER = {Clayton Petsche},
       DOI = {10.1515/CRELLE.2007.055},
       URL = {http://dx.doi.org/10.1515/CRELLE.2007.055},
}


@article {Hutz-GR,
    AUTHOR = {Hutz, Benjamin},
     TITLE = {Good reduction of periodic points on projective varieties},
   JOURNAL = {Illinois J. Math.},
  FJOURNAL = {Illinois Journal of Mathematics},
    VOLUME = {53},
      YEAR = {2009},
    NUMBER = {4},
     PAGES = {1109--1126},
      ISSN = {0019-2082},
     CODEN = {IJMTAW},
   MRCLASS = {37P35 (11S82 37P55)},
  MRNUMBER = {2741181},
MRREVIEWER = {Shu Kawaguchi},
       URL = {http://projecteuclid.org/euclid.ijm/1290435342},
}

@article {Hutz-preper,
    AUTHOR = {Hutz, Benjamin},
     TITLE = {Determination of all rational preperiodic points for morphisms
              of {PN}},
   JOURNAL = {Math. Comp.},
  FJOURNAL = {Mathematics of Computation},
    VOLUME = {84},
      YEAR = {2015},
    NUMBER = {291},
     PAGES = {289--308},
      ISSN = {0025-5718},
   MRCLASS = {37Pxx},
  MRNUMBER = {3266961},
       DOI = {10.1090/S0025-5718-2014-02850-0},
       URL = {http://dx.doi.org/10.1090/S0025-5718-2014-02850-0},
}


@article {Hutz-Ingram,
    AUTHOR = {Hutz, Benjamin and Ingram, Patrick},
     TITLE = {On {P}oonen's conjecture concerning rational preperiodic
              points of quadratic maps},
   JOURNAL = {Rocky Mountain J. Math.},
  FJOURNAL = {The Rocky Mountain Journal of Mathematics},
    VOLUME = {43},
      YEAR = {2013},
    NUMBER = {1},
     PAGES = {193--204},
      ISSN = {0035-7596},
   MRCLASS = {11G05},
  MRNUMBER = {3065461},
MRREVIEWER = {Jasbir Singh Chahal},
       DOI = {10.1216/RMJ-2013-43-1-193},
       URL = {http://dx.doi.org/10.1216/RMJ-2013-43-1-193},
}


@article {DFK,
    AUTHOR = {Doyle, John R. and Faber, Xander and Krumm, David},
     TITLE = {Preperiodic points for quadratic polynomials over quadratic
              fields},
   JOURNAL = {New York J. Math.},
  FJOURNAL = {New York Journal of Mathematics},
    VOLUME = {20},
      YEAR = {2014},
     PAGES = {507--605},
      ISSN = {1076-9803},
   MRCLASS = {37P35 (14G05)},
  MRNUMBER = {3218788},
       URL = {http://nyjm.albany.edu:8000/j/2014/20_507.html},
}

@article {Poonen,
    AUTHOR = {Poonen, Bjorn},
     TITLE = {The classification of rational preperiodic points of quadratic
              polynomials over {${\bf Q}$}: a refined conjecture},
   JOURNAL = {Math. Z.},
  FJOURNAL = {Mathematische Zeitschrift},
    VOLUME = {228},
      YEAR = {1998},
    NUMBER = {1},
     PAGES = {11--29},
      ISSN = {0025-5874},
     CODEN = {MAZEAX},
   MRCLASS = {11G99 (14G25)},
  MRNUMBER = {1617987},
MRREVIEWER = {Joseph H. Silverman},
       DOI = {10.1007/PL00004405},
       URL = {http://dx.doi.org/10.1007/PL00004405},
}


@book {Silverman-AEC,
    AUTHOR = {Silverman, Joseph H.},
     TITLE = {The arithmetic of elliptic curves},
    SERIES = {Graduate Texts in Mathematics},
    VOLUME = {106},
   EDITION = {Second},
 PUBLISHER = {Springer, Dordrecht},
      YEAR = {2009},
     PAGES = {xx+513},
      ISBN = {978-0-387-09493-9},
   MRCLASS = {11-02 (11G05 11G20 14H52 14K15)},
  MRNUMBER = {2514094},
       DOI = {10.1007/978-0-387-09494-6},
       URL = {http://dx.doi.org/10.1007/978-0-387-09494-6},
}

@article {Dupont-spherical,
    AUTHOR = {Dupont, Christophe},
     TITLE = {Exemples de {L}att\`es et domaines faiblement sph\'eriques de
              {$\mathbb{C}^n$}},
   JOURNAL = {Manuscripta Math.},
  FJOURNAL = {Manuscripta Mathematica},
    VOLUME = {111},
      YEAR = {2003},
    NUMBER = {3},
     PAGES = {357--378},
      ISSN = {0025-2611},
     CODEN = {MSMHB2},
   MRCLASS = {32T99 (32H50 37F10 37F50)},
  MRNUMBER = {1993500},
MRREVIEWER = {Jean-Jacques Loeb},
}

@book {Debarre,
    AUTHOR = {Debarre, Olivier},
     TITLE = {Tores et vari\'et\'es ab\'eliennes complexes},
    SERIES = {Cours Sp\'ecialis\'es [Specialized Courses]},
    VOLUME = {6},
 PUBLISHER = {Soci\'et\'e Math\'ematique de France, Paris; EDP Sciences, Les
              Ulis},
      YEAR = {1999},
     PAGES = {vi+125},
      ISBN = {2-86883-427-2},
   MRCLASS = {14-01 (14K20 14K25)},
  MRNUMBER = {1767634},
MRREVIEWER = {H. Lange},
}
